<record><leader>00000cas a22000007a 4500</leader><controlfield tag="001">6989369</controlfield><controlfield tag="008">801202d19721989mnuwr ne      0   a0eng d</controlfield><datafield ind1=" " ind2=" " tag="010"><subfield code="a">sn 80003075 </subfield></datafield><datafield ind1=" " ind2=" " tag="040"><subfield code="a">NSD</subfield><subfield code="b">eng</subfield><subfield code="c">NSD</subfield><subfield code="d">MN#</subfield><subfield code="d">OCLCQ</subfield><subfield code="d">OCLCF</subfield><subfield code="d">OCLCO</subfield></datafield><datafield ind1=" " ind2=" " tag="012"><subfield code="k">1</subfield><subfield code="m">1</subfield></datafield><datafield ind1="1" ind2=" " tag="022"><subfield code="a">0273-8473</subfield><subfield code="l">0273-8473</subfield><subfield code="2">1</subfield></datafield><datafield ind1=" " ind2=" " tag="032"><subfield code="a">067060</subfield><subfield code="b">USPS</subfield></datafield><datafield ind1=" " ind2=" " tag="042"><subfield code="a">nsdp</subfield></datafield><datafield ind1=" " ind2=" " tag="043"><subfield code="a">n-us-mn</subfield></datafield><datafield ind1=" " ind2=" " tag="052"><subfield code="a">4144</subfield><subfield code="b">B82</subfield></datafield><datafield ind1=" " ind2=" " tag="052"><subfield code="a">4143</subfield><subfield code="b">H4</subfield></datafield><datafield ind1="0" ind2=" " tag="130"><subfield code="a">Brooklyn Park post (Brooklyn Park, Minn. : 1972)</subfield></datafield><datafield ind1=" " ind2="0" tag="222"><subfield code="a">Brooklyn Park post</subfield></datafield><datafield ind1="0" ind2="0" tag="245"><subfield code="a">Brooklyn Park post.</subfield></datafield><datafield ind1=" " ind2=" " tag="260"><subfield code="a">Brooklyn Park, Minn.,</subfield><subfield code="b">Post Pub. Co.,</subfield></datafield><datafield ind1=" " ind2=" " tag="300"><subfield code="a">7 v.</subfield></datafield><datafield ind1=" " ind2=" " tag="310"><subfield code="a">Weekly</subfield></datafield><datafield ind1="0" ind2=" " tag="362"><subfield code="a">Vol. 16, no. 44 (Jan. 6, 1972)-v. 22, no. 40 (Jan. 19, 1989).</subfield></datafield><datafield ind1=" " ind2=" " tag="530"><subfield code="a">Available on microfilm from the Minnesota Historical Society.</subfield></datafield><datafield ind1=" " ind2="0" tag="651"><subfield code="a">Brooklyn Park (Minn.)</subfield><subfield code="v">Newspapers.</subfield></datafield><datafield ind1=" " ind2="7" tag="655"><subfield code="a">Newspapers.</subfield><subfield code="2">fast</subfield><subfield code="0">(OCoLC)fst01423814</subfield></datafield><datafield ind1=" " ind2="7" tag="651"><subfield code="a">Minnesota</subfield><subfield code="z">Brooklyn Park.</subfield><subfield code="2">fast</subfield><subfield code="0">(OCoLC)fst01220167</subfield></datafield><datafield ind1=" " ind2=" " tag="752"><subfield code="a">United States</subfield><subfield code="b">Minnesota</subfield><subfield code="c">Hennepin</subfield><subfield code="d">Brooklyn Park.</subfield></datafield><datafield ind1="0" ind2="0" tag="780"><subfield code="t">Brooklyn Park post-sentinel</subfield><subfield code="w">(DLC)sn 90059542</subfield><subfield code="w">(OCoLC)1537462</subfield></datafield><datafield ind1="0" ind2="0" tag="785"><subfield code="t">Brooklyn Park post news</subfield><subfield code="w">(DLC)sn 90059543</subfield></datafield><datafield ind1=" " ind2=" " tag="936"><subfield code="a">Oct. 23, 1980</subfield></datafield></record>